<?xml version="1.0" encoding="UTF-8"?><collection xmlns="http://www.loc.gov/MARC21/slim"><record><leader>00486nam--2200145-i-4500</leader><controlfield tag="001">000003536</controlfield><controlfield tag="002">20161230</controlfield><controlfield tag="005">20170302003741</controlfield><controlfield tag="008">060222s1000------------r-----000-0-eng-d</controlfield><datafield ind1=" " ind2=" " tag="100"><subfield code="a">Burrows, Chas. R</subfield></datafield><datafield ind1=" " ind2=" " tag="245"><subfield code="a">Radio wave propagation. Consolidated summary report of the comitee on propagation of the National Defense Research Comitee</subfield></datafield><datafield ind1=" " ind2=" " tag="260"><subfield code="a">New York</subfield><subfield code="b">Academic Press, Inc., Publ</subfield><subfield code="c">1949</subfield></datafield><datafield ind1=" " ind2=" " tag="300"><subfield code="a">X + 1 F. + 548 p</subfield></datafield><datafield ind1=" " ind2=" " tag="700"><subfield code="a">Stephen, Attwood S</subfield></datafield><datafield ind1=" " ind2=" " tag="CAT"><subfield code="a">SYS</subfield><subfield code="c">20170302</subfield><subfield code="h">003741</subfield></datafield></record></collection>